
@book{Fiacco:McCormick:1990,
author = {Anthony V. Fiacco and Garth P. McCormick},
title = {Nonlinear Programming},
publisher = {Society for Industrial and Applied Mathematics},
year = {1990},
doi = {10.1137/1.9781611971316}}

@book{Wright:1997:PD-IP-methods,
  title={Primal-dual interior-point methods},
  author={Wright, Stephen J},
  volume={54},
  year={1997},
  publisher={{SIAM}}
}

@book{Nocedal.Wright,
title = {Numerical Optimization},
author = {Jorge Nocedal and Stephen J. Wright},
year = {2006},
edition={2nd},
place = {New York},
series={Springer Series in Operations Research and Financial Engineering},
publisher={Springer}
}

@article{Wachter:2006:IPOPT,
 author = {W{\"a}chter, Andreas and Biegler, Lorenz T.},
 title = {On the Implementation of an Interior-point Filter Line-search Algorithm for Large-scale Nonlinear Programming},
 journal = {Math. Program.},
 issue_date = {May 2006},
 volume = {106},
 number = {1},
 month = may,
 year = {2006},
 issn = {0025-5610},
 pages = {25--57},
 numpages = {33},
 doi = {10.1007/s10107-004-0559-y},
 acmid = {1107695},
 publisher = {Springer-Verlag New York, Inc.},
 address = {Secaucus, NJ, USA},
 keywords = {65K05, 90C30, 90C51}} 

@article{Byrd:1994:quasi-Newton-LBFGS,
year={1994},
issn={0025-5610},
journal={Mathematical Programming},
volume={63},
number={1-3},
doi={10.1007/BF01582063},
title={Representations of quasi-{N}ewton matrices and their use in limited memory methods},
publisher={Springer-Verlag},
keywords={Quasi-Newton method; constrained optimization; limited memory method; large-scale optimization},
author={Byrd, Richard H. and Nocedal, Jorge and Schnabel, Robert B.},
pages={129-156},
language={English}}
